<?xml version="1.0" encoding="UTF-8"?><record xmlns="http://www.loc.gov/MARC21/slim" xmlns:cinclude="http://apache.org/cocoon/include/1.0" xmlns:zs="http://www.loc.gov/zing/srw/">
  <leader>00553nz  a2200133n  4500</leader>
  <controlfield tag="001">nr 93044174 </controlfield>
  <controlfield tag="003">DLC</controlfield>
  <controlfield tag="005">19931029175643.6</controlfield>
  <controlfield tag="008">931025n| acannaab|          |a ana     c</controlfield>
  <datafield tag="010" ind1=" " ind2=" ">
    <subfield code="a">nr 93044174 </subfield>
  </datafield>
  <datafield tag="040" ind1=" " ind2=" ">
    <subfield code="a">NjP</subfield>
    <subfield code="c">NjP</subfield>
  </datafield>
  <datafield tag="110" ind1="2" ind2="0">
    <subfield code="a">Shirkat-i Sihāmī-i Dārūpakhsh (Iran)</subfield>
  </datafield>
  <datafield tag="410" ind1="2" ind2="0">
    <subfield code="a">Daroupakhsh Co. (Iran)</subfield>
  </datafield>
  <datafield tag="670" ind1=" " ind2=" ">
    <subfield code="a">Kungrah-ʼi Bayn al-Milalī-i Pizishkī-i Gāzʹhā-yi Shīmyāʼī Jangī dar Iran (1st : 1988 : Mashhad, Iran). Khulāṣah-i maqālāt ... 1988:</subfield>
    <subfield code="b">t.p. (Shirkat-i Sihāmī-i Dārūpakhsh) added t.p. (Daroupakhsh Co.)</subfield>
  </datafield>
</record>